<?xml version="1.0" encoding="UTF-8"?><collection xmlns="http://www.loc.gov/MARC21/slim"><record><leader>00410nam--2200145-i-4500</leader><controlfield tag="001">000008014</controlfield><controlfield tag="002">20161230</controlfield><controlfield tag="005">20170305223829</controlfield><controlfield tag="008">060222s1000------------r-----000-0-eng-d</controlfield><datafield ind1=" " ind2=" " tag="100"><subfield code="a">Dunn, J. T</subfield></datafield><datafield ind1=" " ind2=" " tag="245"><subfield code="a">Wear rates of metals and oxides in 80 and 160 f high purity water</subfield></datafield><datafield ind1=" " ind2=" " tag="260"><subfield code="a">Chalk River</subfield><subfield code="b">Atomic Energy Of Canada Ltd</subfield><subfield code="c">1966</subfield></datafield><datafield ind1=" " ind2=" " tag="300"><subfield code="a">II+74 p</subfield></datafield><datafield ind1=" " ind2=" " tag="852"><subfield code="a">620.178.16</subfield></datafield><datafield ind1=" " ind2=" " tag="CAT"><subfield code="a">SYS</subfield><subfield code="c">20170305</subfield><subfield code="h">223829</subfield></datafield></record></collection>